@manuscript{P1470,
	Datation={\textsc{vii} s.},
	Library={Bibliothèque National de France},
	Shortlibrary={BNF},
	Columns={2},
	Languages={Greek},
	Collection={Grec},
	Usualtitle={Parisianus Græcus~1470},
	Shelfmark={1470},
}
