
@manuscript{U,
	Address = {Vatican},
	Annotation = {Some comments \par
	
	Some comments
},
	Bookpagination = {folio},
	Catalog = {[334]{Lake1938}[161-164]{Richard857}[421-425]{Richard834}[673-676]{Ehrhard1.1}[80]{Batiffoll1891}},
	Collection = {Grec},
	Columns = {1},
	Date-Added = {2013-12-02 17:40:09 +0000},
	Date-Modified = {2013-12-24 15:24:23 +0000},
	Dating = {\textsc{x}\textsuperscript{e} s.},
	Library = {Biblioteca Apostolica Vaticana},
	Origin = {Constantinople (Monastère Saint~Jean le Précurseur)},
	Pages = {326\verso-340\verso},
	Pagetotal = {406},
	Scribe = {Dorothee},
	Shelfmark = {1671},
	Support = {Pergament}}

@manuscript{O,
	Address = {Vienna},
	Annotation = {Some comments \par
	
	Some comments},
	Bookpagination = {folio},
	Catalog = {[50-54]{Richard2445}[682-688]{Ehrhard1.1}},
	Collection = {Hist. gr.},
	Columns = {2},
	Date-Added = {2013-12-11 12:32:30 +0000},
	Date-Modified = {2013-12-23 19:10:43 +0000},
	Dating = {\textsc{xi}\textsuperscript{e} s.},
	Library = {Österreichische Nationalbibliothek},
	Origin = {Constantinople ?},
	Pages = {263\recto-273\verso},
	Pagetotal = {310},
	Shelfmark = {45},
	Shortlibrary = {ÖNB},
	Support = {pergament}}

@manuscript{L,
	Address = {Oxford},
	Annotation = {Some comments \par
	
	Some comments},
	Catalog = {[543D-546C]{Richard1842.1}{Bodleian_quarto_t1}},
	Collection = {Laudian Collection},
	Columns = {1},
	Date-Added = {2013-12-09 17:27:17 +0000},
	Date-Modified = {2014-01-14 19:16:58 +0000},
	Dating = {\textsc{xvi}\textsuperscript{e} s.},
	Library = {Bodleian Library},
	Pages = {219-238},
	Pagetotal = {426},
	Shelfmark = {Gr.~64a},
	Support = {paper}}

@manuscript{S,
	Address = {Paris},
	Annotation = {Some comments \par
	
	Some comments},
	Bookpagination = {folio},
	Catalog = {[55]{Richard192-3}[678-679]{Ehrhard1.1}},
	Collection = {Supplément grec},
	Columns = {2},
	Date-Modified = {2013-12-24 15:21:30 +0000},
	Dating = {\textsc{x}\textsuperscript{e} s.},
	Library = {Bibliothèque Nationale de France},
	Origin = {Constantinople},
	Pages = {233\verso-245\recto},
	Pagetotal = {282},
	Scribe = {Stephen},
	Shelfmark = {241},
	Shortlibrary = {BNF},
	Support = {Pergament}}
